@inproceedings{Zhou2018NonvacuousGB,
  title={Non-vacuous Generalization Bounds at the ImageNet Scale: a PAC-Bayesian Compression Approach},
  author={Wenda Zhou and Victor Veitch and Morgane Austern and Ryan P. Adams and Peter Orbanz},
  booktitle={ICLR},
  year={2018}
}

@inproceedings{Conneau2018Cram,
    title = "What you can cram into a single {\$}{\&}!{\#}* vector: Probing sentence embeddings for linguistic properties",
    author = {Conneau, Alexis  and
      Kruszewski, German  and
      Lample, Guillaume  and
      Barrault, Lo{\"\i}c  and
      Baroni, Marco},
    booktitle = "Annual Meeting of the Association for Computational Linguistics",
    year = "2018",
    pages = "2126--2136"
}

@article{Oord2018RepresentationLW,
  title={Representation Learning with Contrastive Predictive Coding},
  author={A{\"a}ron van den Oord and Yazhe Li and Oriol Vinyals},
  journal={arXiv preprint arXiv:1807.03748},
  year={2018}
}

@article{He2019MomentumCF,
  title={Momentum Contrast for Unsupervised Visual Representation Learning},
  author={Kaiming He and Haoqi Fan and Yuxin Wu and Saining Xie and Ross B. Girshick},
  journal={arXiv preprint arXiv:1911.05722},
  year={2019}
}

@inproceedings{Jiang2019FantasticGM,
  title={Fantastic Generalization Measures and Where to Find Them},
  author={Yiding Jiang and Behnam Neyshabur and Hossein Mobahi and Dilip Krishnan and Samy Bengio},
  year={2019}
}

@article{McAllester2013APT,
  title={A PAC-Bayesian Tutorial with A Dropout Bound},
  author={David A. McAllester},
  journal={arXiv preprint arXiv:1307.2118},
  year={2013}
}

@misc{Dziugaite2017Nonvacuous,
    title={Computing Nonvacuous Generalization Bounds for Deep (Stochastic) Neural Networks with Many More Parameters than Training Data},
    author={Gintare Karolina Dziugaite and Daniel M. Roy},
    year={2017},
    eprint={1703.11008},
    archivePrefix={arXiv},
    primaryClass={cs.LG}
}

@article{Rivasplata2019PACBayesWB,
  title={PAC-Bayes with Backprop},
  author={Omar Rivasplata and Vikram M. Tankasali and Cs. Szepesvari},
  journal={arXiv preprint arXiv:1908.07380},
  year={2019}
}

@article{Chen2020ASF,
  title={A Simple Framework for Contrastive Learning of Visual Representations},
  author={Ting Chen and Simon Kornblith and Mohammad Norouzi and Geoffrey E. Hinton},
  journal={arXiv preprint arXiv:2002.05709},
  year={2020}
}

@article{Voita2020InformationTheoreticPW,
  title={Information-Theoretic Probing with Minimum Description Length},
  author={Elena Voita and Ivan Titov},
  journal={arXiv preprint arXiv:2003.12298},
  year={2020}
}

@inproceedings{Amit2017MetaLearningBA,
  title={Meta-Learning by Adjusting Priors Based on Extended PAC-Bayes Theory},
  author={Ron Amit and Ron Meir},
  booktitle={International Conference on Machine Learning},
  year={2017}
}

@book{Cover2006ElementsOI,
  title={Elements of information theory},
  author={Thomas M. Cover and Joy A. Thomas},
  year={2006},
  publisher={Wiley}
}

@article{Song2020UnderstandingTL,
  title={Understanding the Limitations of Variational Mutual Information Estimators},
  author={Jiaming Song and Stefano Ermon},
  journal={International Conference on Learning Representations},
  year={2020},
}

@article{McAllester2018FormalLO,
  title={Formal Limitations on the Measurement of Mutual Information},
  author={David McAllester and Karl Stratos},
  journal={International Conference on Artificial Intelligence and Statistics},
  year={2020}
}


@inproceedings{Tschannen2020OnMI,
title={On Mutual Information Maximization for Representation Learning},
author={Michael Tschannen and Josip Djolonga and Paul K. Rubenstein and Sylvain Gelly and Mario Lucic},
booktitle={International Conference on Learning Representations},
year={2020}
}

@article{Pimentel2020InformationTheoreticPF,
  title={Information-Theoretic Probing for Linguistic Structure},
  author={Tiago Pimentel and Josef Valvoda and Rowan Hall Maudslay and Ran Zmigrod and Adina Williams and Ryan Cotterell},
  journal={arXiv preprint arXiv:2004.03061},
  year={2020}
}

@article{Grnwald2004ATI,
  title={A tutorial introduction to the minimum description length principle},
  author={Peter Gr{\"u}nwald},
  journal={arXiv preprint math:0406077},
  year={2004}
}

@article{Rissanen1978ModelingBS,
  title={Modeling By Shortest Data Description},
  author={Jorma Rissanen},
  journal={Automatica},
  year={1978},
  volume={14},
  pages={465-471}
}

@article{Yogatama2019LinguisticIntel,
  title={Learning and evaluating general linguistic intelligence},
  author={Yogatama, Dani and d'Autume, Cyprien de Masson and Connor, Jerome and Kocisky, Tomas and Chrzanowski, Mike and Kong, Lingpeng and Lazaridou, Angeliki and Ling, Wang and Yu, Lei and Dyer, Chris and others},
  journal={arXiv preprint arXiv:1901.11373},
  year={2019}
}

@article{Belinkov2019AnalysisNLP,
  title={Analysis methods in neural language processing: A survey},
  author={Belinkov, Yonatan and Glass, James},
  journal={Transactions of the Association for Computational Linguistics},
  volume={7},
  pages={49--72},
  year={2019},
  publisher={MIT Press}
}

@article{Talmor2019oLMpics,
  title={o{LM}pics--On what Language Model Pre-training Captures},
  author={Talmor, Alon and Elazar, Yanai and Goldberg, Yoav and Berant, Jonathan},
  journal={arXiv preprint arXiv:1912.13283},
  year={2019}
}

@inproceedings{Blier2018TheDL,
  title={The Description Length of Deep Learning models},
  author={L{\'e}onard Blier and Yann Ollivier},
  booktitle={Advances in Neural Information Processing Systems},
  year={2018}
}

@inproceedings{Hewitt2019DesigningProbes,
    title = "Designing and Interpreting Probes with Control Tasks",
    author = "Hewitt, John  and
      Liang, Percy",
    booktitle = "Empirical Methods in Natural Language Processing and International Joint Conference on Natural Language Processing",
    year = "2019",
    pages = "2733-2743"
}

@inproceedings{
    Xu2020ATheory,
    title={A Theory of Usable Information under Computational Constraints},
    author={Yilun Xu and Shengjia Zhao and Jiaming Song and Russell Stewart and Stefano Ermon},
    booktitle={International Conference on Learning Representations},
    year={2020}
}

@article{Shannon1948TheMT,
  title={A mathematical theory of communication},
  author={C. Shannon},
  journal={Bell Syst. Tech. J.},
  year={1948},
  volume={27},
  pages={379-423}
}

@article{Dawid1984Prequential,
 author = {A. P. Dawid},
 journal = {Journal of the Royal Statistical Society. Series A (General)},
 number = {2},
 pages = {278--292},
 publisher = {[Royal Statistical Society, Wiley]},
 title = {Present Position and Potential Developments: Some Personal Views: Statistical Theory: The Prequential Approach},
 volume = {147},
 year = {1984}
}

@inproceedings{Zhang2018LanguageMT,
    title = "Language Modeling Teaches You More than Translation Does: Lessons Learned Through Auxiliary Syntactic Task Analysis",
    author = "Zhang, Kelly  and
      Bowman, Samuel",
    booktitle = "{EMNLP} Workshop {B}lackbox{NLP}: Analyzing and Interpreting Neural Networks for {NLP}",
    year = "2018",
    pages = "359--361"
}

@article{he2019momentum,
  title={Momentum contrast for unsupervised visual representation learning},
  author={He, Kaiming and Fan, Haoqi and Wu, Yuxin and Xie, Saining and Girshick, Ross},
  journal={arXiv preprint arXiv:1911.05722},
  year={2019}
}

@inproceedings{bachman2019learning,
  title={Learning representations by maximizing mutual information across views},
  author={Bachman, Philip and Hjelm, R Devon and Buchwalter, William},
  booktitle={Advances in Neural Information Processing Systems},
  year={2019}
}

@inproceedings{devlin2018bert,
    title = "{BERT}: Pre-training of Deep Bidirectional Transformers for Language Understanding",
    author = "Devlin, Jacob  and
      Chang, Ming-Wei  and
      Lee, Kenton  and
      Toutanova, Kristina",
    booktitle = "North {A}merican Chapter of the Association for Computational Linguistics",
    year = "2019",
    pages = "4171--4186"
}

@article{liu2019roberta,
  title={{RoBERTa}: A robustly optimized {BERT} pretraining approach},
  author={Liu, Yinhan and Ott, Myle and Goyal, Naman and Du, Jingfei and Joshi, Mandar and Chen, Danqi and Levy, Omer and Lewis, Mike and Zettlemoyer, Luke and Stoyanov, Veselin},
  journal={arXiv preprint arXiv:1907.11692},
  year={2019}
}

@article{raffel2019exploring,
  title={Exploring the limits of transfer learning with a unified text-to-text transformer},
  author={Raffel, Colin and Shazeer, Noam and Roberts, Adam and Lee, Katherine and Narang, Sharan and Matena, Michael and Zhou, Yanqi and Li, Wei and Liu, Peter J},
  journal={arXiv preprint arXiv:1910.10683},
  year={2019}
}

@ARTICLE{gpt3,
       author = {{Brown}, Tom B. and {Mann}, Benjamin and {Ryder}, Nick and
         {Subbiah}, Melanie and {Kaplan}, Jared and {Dhariwal}, Prafulla and
         {Neelakantan}, Arvind and {Shyam}, Pranav and {Sastry}, Girish and
         {Askell}, Amanda and {Agarwal}, Sandhini and {Herbert-Voss}, Ariel and
         {Krueger}, Gretchen and {Henighan}, Tom and {Child}, Rewon and
         {Ramesh}, Aditya and {Ziegler}, Daniel M. and {Wu}, Jeffrey and
         {Winter}, Clemens and {Hesse}, Christopher and {Chen}, Mark and
         {Sigler}, Eric and {Litwin}, Mateusz and {Gray}, Scott and
         {Chess}, Benjamin and {Clark}, Jack and {Berner}, Christopher and {McCand
        lish}, Sam and {Radford}, Alec and {Sutskever}, Ilya and {Amodei}, Dario},
        title = "{Language Models are Few-Shot Learners}",
      journal = {arXiv preprint arXiv:2005.14165},
         year = {2020}
}


@article{lecun2015deep,
  title={Deep learning},
  author={LeCun, Yann and Bengio, Yoshua and Hinton, Geoffrey},
  journal={Nature},
  volume={521},
  number={7553},
  pages={436--444},
  year={2015},
  publisher={Nature Publishing Group}
}

@article{resnick2019probing,
  title={Probing the State of the Art: A Critical Look at Visual Representation Evaluation},
  author={Resnick, Cinjon and Zhan, Zeping and Bruna, Joan},
  journal={arXiv preprint arXiv:1912.00215},
  year={2019}
}

@inproceedings{ettinger2016probing,
  title={Probing for semantic evidence of composition by means of simple classification tasks},
  author={Ettinger, Allyson and Elgohary, Ahmed and Resnik, Philip},
  booktitle={Workshop on Evaluating Vector-Space Representations for NLP},
  pages={134--139},
  year={2016}
}

@article{Alain2016Understanding,
  title={Understanding intermediate layers using linear classifier probes},
  author={Alain, Guillaume and Bengio, Yoshua},
  journal={International Conference on Learning Representations},
  year={2016}
}

@inproceedings{Shi2016String,
    title = "Does String-Based Neural {MT} Learn Source Syntax?",
    author = "Shi, Xing  and
      Padhi, Inkit  and
      Knight, Kevin",
    booktitle = "Empirical Methods in Natural Language Processing",
    year = "2016",
    pages = "1526--1534"
}

@article{Kingma2014AutoEncodingVB,
  title={Auto-Encoding Variational {B}ayes},
  author={Diederik P. Kingma and Max Welling},
  journal={International Conference on Learning Representations},
  year={2014}
}

@inproceedings{Rezende2014StochasticBA,
  title={Stochastic Backpropagation and Approximate Inference in Deep Generative Models},
  author={Danilo Jimenez Rezende and Shakir Mohamed and Daan Wierstra},
  booktitle={International Conference on Machine Learning},
  year={2014}
}

@inproceedings{Peters2018DeepCW,
    title = "Deep Contextualized Word Representations",
    author = "Peters, Matthew  and
      Neumann, Mark  and
      Iyyer, Mohit  and
      Gardner, Matt  and
      Clark, Christopher  and
      Lee, Kenton  and
      Zettlemoyer, Luke",
    booktitle = "North {A}merican Chapter of the Association for Computational Linguistics",
    year = "2018",
    pages = "2227--2237"
}

@article{Erven2012CatchingUF,
author = {Erven, Tim and Grünwald, Peter and Rooij, Steven},
year = {2012},
month = {06},
pages = {},
title = {Catching up faster by switching sooner: A predictive approach to adaptive stimation with an application to the AIC-BIC dilemma},
volume = {74},
journal = {Journal of the Royal Statistical Society. Series B (Statistical Methodology)}
}

@inproceedings{Strubell2019EnergyAP,
  title={Energy and Policy Considerations for Deep Learning in NLP},
  author={Emma Strubell and Ananya Ganesh and Andrew McCallum},
  booktitle={ACL},
  year={2019}
}

@inproceedings{kurita-etal-2019-measuring,
    title = "Measuring Bias in Contextualized Word Representations",
    author = "Kurita, Keita  and
      Vyas, Nidhi  and
      Pareek, Ayush  and
      Black, Alan W  and
      Tsvetkov, Yulia",
    booktitle = "Workshop on Gender Bias in Natural Language Processing",
    year = "2019",
    pages = "166--172"
}

@inproceedings{bordia-bowman-2019-identifying,
    title = "Identifying and Reducing Gender Bias in Word-Level Language Models",
    author = "Bordia, Shikha  and
      Bowman, Samuel R.",
    booktitle = "North {A}merican Chapter of the Association for Computational Linguistics: Student Research Workshop",
    year = "2019",
    pages = "7--15"
}

@inproceedings{Paszke2019PyTorchAI,
  title={PyTorch: An Imperative Style, High-Performance Deep Learning Library},
  author={Adam Paszke and Sam Gross and Francisco Massa and Adam Lerer and James Bradbury and Gregory Chanan and Trevor Killeen and Zeming Lin and Natalia Gimelshein and Luca Antiga and Alban Desmaison and Andreas K{\"o}pf and Edward Yang and Zach DeVito and Martin Raison and Alykhan Tejani and Sasank Chilamkurthy and Benoit Steiner and Lu Fang and Junjie Bai and Soumith Chintala},
  booktitle={NeurIPS},
  year={2019}
}

@article{Kingma2015AdamAM,
  title={Adam: A Method for Stochastic Optimization},
  author={Diederik P. Kingma and Jimmy Ba},
  journal={CoRR},
  year={2015},
  volume={abs/1412.6980}
}

@software{jax2018github,
  author = {James Bradbury and Roy Frostig and Peter Hawkins and Matthew James Johnson and Chris Leary and Dougal Maclaurin and Skye Wanderman-Milne},
  title = {{JAX}: composable transformations of {P}ython+{N}um{P}y programs},
  url = {http://github.com/google/jax},
  version = {0.1.55},
  year = {2018},
}

@Misc{embedtheworld,
author = {Yann LeCun},
title = {Deep Learning \& Convolutional Networks},
howpublished = {\textsc{url:}~\url{https://www.hotchips.org/wp-content/uploads/hc_archives/hc27/HC27.24-Monday-Epub/HC27.24.19-Key1-Neural-Nets-Epub/HC27.24.190-Convolutional-Neural-LeCun-Facebook.pdf}},
month = {8},
year = {2015}
}

@article{He2016DeepRL,
  title={Deep Residual Learning for Image Recognition},
  author={Kaiming He and X. Zhang and Shaoqing Ren and Jian Sun},
  journal={2016 IEEE Conference on Computer Vision and Pattern Recognition (CVPR)},
  year={2016},
  pages={770-778}
}

@inproceedings{Hnaff2020DataEfficientIR,
  title={Data-Efficient Image Recognition with Contrastive Predictive Coding},
  author={Olivier J. H{\'e}naff and A. Srinivas and J. Fauw and Ali Razavi and C. Doersch and S. Eslami and A. Oord},
  booktitle={ICML},
  year={2020}
}

@inproceedings{Valiant1984ATO,
  title={A theory of the learnable},
  author={L. Valiant},
  booktitle={STOC '84},
  year={1984}
}

@inproceedings{Kiros2015SkipThoughtV,
  title={Skip-Thought Vectors},
  author={Ryan Kiros and Y. Zhu and R. Salakhutdinov and R. Zemel and R. Urtasun and A. Torralba and S. Fidler},
  booktitle={NIPS},
  year={2015}
}

@inproceedings{Hill2016LearningDR,
  title={Learning Distributed Representations of Sentences from Unlabelled Data},
  author={Felix Hill and Kyunghyun Cho and A. Korhonen},
  booktitle={HLT-NAACL},
  year={2016}
}

@article{Dubois2020LearningOR,
  title={Learning Optimal Representations with the Decodable Information Bottleneck},
  author={Yann Dubois and Douwe Kiela and David J. Schwab and Ramakrishna Vedantam},
  journal={ArXiv},
  year={2020},
  volume={abs/2009.12789}
}

@article{Kaplan2020ScalingLF,
  title={Scaling Laws for Neural Language Models},
  author={J. Kaplan and Sam McCandlish and T. Henighan and T. Brown and Benjamin Chess and R. Child and Scott Gray and A. Radford and Jeffrey Wu and Dario Amodei},
  journal={ArXiv},
  year={2020},
  volume={abs/2001.08361}
}
