@article{Du2020IsAG,
  title={Is a Good Representation Sufficient for Sample Efficient Reinforcement Learning?},
  author={S. Du and S. Kakade and Ruosong Wang and Lin F. Yang},
  journal={ArXiv},
  year={2020},
  volume={abs/1910.03016}
}

@article{strehl2008analysis,
  title={An analysis of model-based interval estimation for Markov decision processes},
  author={Strehl, Alexander L and Littman, Michael L},
  journal={Journal of Computer and System Sciences},
  volume={74},
  number={8},
  pages={1309--1331},
  year={2008},
  publisher={Elsevier}
}

@inproceedings{Fiechter1994EfficientRL,
  title={Efficient reinforcement learning},
  author={C. Fiechter},
  booktitle={COLT '94},
  year={1994}
}

@book{sutton2018reinforcement,
  title={Reinforcement learning: An introduction},
  author={Sutton, Richard S and Barto, Andrew G},
  year={2018},
  publisher={MIT press}
}

@article{Fujimoto2018AddressingFA,
  title={Addressing Function Approximation Error in Actor-Critic Methods},
  author={Scott Fujimoto and H. V. Hoof and D. Meger},
  journal={ArXiv},
  year={2018},
  volume={abs/1802.09477}
}

@article{schulman2017proximal,
  title={Proximal policy optimization algorithms},
  author={Schulman, John and Wolski, Filip and Dhariwal, Prafulla and Radford, Alec and Klimov, Oleg},
  journal={arXiv preprint arXiv:1707.06347},
  year={2017}
}

@article{haarnoja2018softA,
  title={Soft actor-critic: Off-policy maximum entropy deep reinforcement learning with a stochastic actor},
  author={Haarnoja, Tuomas and Zhou, Aurick and Abbeel, Pieter and Levine, Sergey},
  journal={arXiv preprint arXiv:1801.01290},
  year={2018}
}

@article{Nota2020IsTP,
  title={Is the Policy Gradient a Gradient?},
  author={Chris Nota and P. S. Thomas},
  journal={ArXiv},
  year={2020},
  volume={abs/1906.07073}
}

@misc{brandfonbrener2021offline,
      title={Offline Contextual Bandits with Overparameterized Models},
      author={David Brandfonbrener and William F. Whitney and Rajesh Ranganath and Joan Bruna},
      year={2021},
      eprint={2006.15368},
      archivePrefix={arXiv},
      primaryClass={cs.LG}
}

@article{byrd2018effect,
  title={What is the Effect of Importance Weighting in Deep Learning?},
  author={Byrd, Jonathon and Lipton, Zachary C},
  journal={arXiv preprint arXiv:1812.03372},
  year={2018}
}

@inproceedings{Russo2016SimpleBA,
  title={Simple Bayesian Algorithms for Best Arm Identification},
  author={Daniel Russo},
  booktitle={COLT},
  year={2016}
}

@article{Kaufmann2016OnTC,
  title={On the Complexity of Best-Arm Identification in Multi-Armed Bandit Models},
  author={E. Kaufmann and O. Capp{\'e} and Aur{\'e}lien Garivier},
  journal={J. Mach. Learn. Res.},
  year={2016},
  volume={17},
  pages={1:1-1:42}
}

@inproceedings{Riedmiller2005NeuralFQ,
  title={Neural Fitted Q Iteration - First Experiences with a Data Efficient Neural Reinforcement Learning Method},
  author={Martin A. Riedmiller},
  booktitle={ECML},
  year={2005}
}

@article{Ernst2005TreeBasedBM,
  title={Tree-Based Batch Mode Reinforcement Learning},
  author={D. Ernst and P. Geurts and L. Wehenkel},
  journal={J. Mach. Learn. Res.},
  year={2005},
  volume={6},
  pages={503-556}
}

@article{Mnih2015HumanlevelCT,
  title={Human-level control through deep reinforcement learning},
  author={Volodymyr Mnih and K. Kavukcuoglu and D. Silver and Andrei A. Rusu and J. Veness and Marc G. Bellemare and A. Graves and Martin A. Riedmiller and A. Fidjeland and Georg Ostrovski and Stig Petersen and Charlie Beattie and A. Sadik and Ioannis Antonoglou and Helen King and D. Kumaran and Daan Wierstra and S. Legg and D. Hassabis},
  journal={Nature},
  year={2015},
  volume={518},
  pages={529-533}
}

@article{Lillicrap2016ContinuousCW,
  title={Continuous control with deep reinforcement learning},
  author={T. Lillicrap and Jonathan J. Hunt and A. Pritzel and N. Heess and T. Erez and Yuval Tassa and D. Silver and Daan Wierstra},
  journal={CoRR},
  year={2016},
  volume={abs/1509.02971}
}

@article{Silver2016MasteringTG,
  title={Mastering the game of Go with deep neural networks and tree search},
  author={D. Silver and Aja Huang and Chris J. Maddison and A. Guez and L. Sifre and G. V. D. Driessche and Julian Schrittwieser and Ioannis Antonoglou and Vedavyas Panneershelvam and Marc Lanctot and S. Dieleman and Dominik Grewe and John Nham and Nal Kalchbrenner and Ilya Sutskever and T. Lillicrap and M. Leach and K. Kavukcuoglu and T. Graepel and D. Hassabis},
  journal={Nature},
  year={2016},
  volume={529},
  pages={484-489}
}

@article{Vinyals2019GrandmasterLI,
  title={Grandmaster level in StarCraft II using multi-agent reinforcement learning},
  author={Oriol Vinyals and I. Babuschkin and Wojciech Czarnecki and Micha{\"e}l Mathieu and Andrew Dudzik and J. Chung and D. Choi and Richard Powell and Timo Ewalds and P. Georgiev and Junhyuk Oh and Dan Horgan and M. Kroiss and Ivo Danihelka and Aja Huang and L. Sifre and Trevor Cai and J. Agapiou and Max Jaderberg and A. Vezhnevets and R{\'e}mi Leblond and Tobias Pohlen and Valentin Dalibard and D. Budden and Yury Sulsky and James Molloy and T. Paine and Caglar Gulcehre and Ziyu Wang and T. Pfaff and Yuhuai Wu and Roman Ring and Dani Yogatama and Dario W{\"u}nsch and Katrina McKinney and Oliver Smith and Tom Schaul and T. Lillicrap and K. Kavukcuoglu and D. Hassabis and C. Apps and D. Silver},
  journal={Nature},
  year={2019},
  pages={1-5}
}

@article{OpenAI2019SolvingRC,
  title={Solving Rubik's Cube with a Robot Hand},
  author={OpenAI and I. Akkaya and Marcin Andrychowicz and Maciek Chociej and Mateusz Litwin and Bob McGrew and Arthur Petron and Alex Paino and Matthias Plappert and Glenn Powell and Raphael Ribas and Jonas Schneider and N. Tezak and Jerry Tworek and P. Welinder and Lilian Weng and Qiming Yuan and Wojciech Zaremba and Lei Zhang},
  journal={ArXiv},
  year={2019},
  volume={abs/1910.07113}
}

@misc{openai2019dota,
      title={Dota 2 with Large Scale Deep Reinforcement Learning},
      author={OpenAI and : and Christopher Berner and Greg Brockman and Brooke Chan and Vicki Cheung and Przemysław Dębiak and Christy Dennison and David Farhi and Quirin Fischer and Shariq Hashme and Chris Hesse and Rafal Józefowicz and Scott Gray and Catherine Olsson and Jakub Pachocki and Michael Petrov and Henrique P. d. O. Pinto and Jonathan Raiman and Tim Salimans and Jeremy Schlatter and Jonas Schneider and Szymon Sidor and Ilya Sutskever and Jie Tang and Filip Wolski and Susan Zhang},
      year={2019},
      eprint={1912.06680},
      archivePrefix={arXiv},
      primaryClass={cs.LG}
}
